<?xml version="1.0" encoding="UTF-8"?>
<!-- Search-Engine-Total-Number-Of-Results: 1 -->
<collection xmlns="http://www.loc.gov/MARC21/slim">
<record>
  <controlfield tag="001">487239</controlfield>
  <datafield tag="035" ind1=" " ind2=" ">
    <subfield code="9">DESY</subfield>
    <subfield code="z">D01-10842</subfield>
  </datafield>
  <datafield tag="035" ind1=" " ind2=" ">
    <subfield code="9">SPIRESTeX</subfield>
    <subfield code="a">Alam:1998kk</subfield>
  </datafield>
  <datafield tag="035" ind1=" " ind2=" ">
    <subfield code="9">CDS</subfield>
    <subfield code="a">381263</subfield>
  </datafield>
  <datafield tag="037" ind1=" " ind2=" ">
    <subfield code="a">CERN-LHCC-98-13</subfield>
  </datafield>
  <datafield tag="245" ind1=" " ind2=" ">
    <subfield code="a">ATLAS pixel detector: Technical design report</subfield>
  </datafield>
  <datafield tag="710" ind1=" " ind2=" ">
    <subfield code="g">ATLAS</subfield>
  </datafield>
</record>

</collection>